% put bibtex entries here!

@ARTICLE{massvis,
  author={Borkin, Michelle A. and Bylinskii, Zoya and Kim, Nam Wook and Bainbridge, Constance May and Yeh, Chelsea S. and Borkin, Daniel and Pfister, Hanspeter and Oliva, Aude},
  journal={IEEE Transactions on Visualization and Computer Graphics}, 
  title={Beyond Memorability: Visualization Recognition and Recall}, 
  year={2016},
  volume={22},
  number={1},
  pages={519-528},
  doi={10.1109/TVCG.2015.2467732}}

@article{hearst,
author = {Hearst, Marti A.},
title = {Show It or Tell It? Text, Visualization, and Their Combination},
year = {2023},
issue_date = {October 2023},
publisher = {Association for Computing Machinery},
address = {New York, NY, USA},
volume = {66},
number = {10},
issn = {0001-0782},
url = {https://doi.org/10.1145/3593580},
doi = {10.1145/3593580},
journal = {Commun. ACM},
month = sep,
pages = {68–75},
numpages = {8}
}

@inproceedings{kong,
author = {Kong, Ha-Kyung and Liu, Zhicheng and Karahalios, Karrie},
title = {Frames and Slants in Titles of Visualizations on Controversial Topics},
year = {2018},
isbn = {9781450356206},
publisher = {Association for Computing Machinery},
address = {New York, NY, USA},
url = {https://doi.org/10.1145/3173574.3174012},
doi = {10.1145/3173574.3174012},
booktitle = {Proceedings of the 2018 CHI Conference on Human Factors in Computing Systems},
pages = {1–12},
numpages = {12},
keywords = {visualization title, frames, data visualization, bias, attitude change},
location = {Montreal QC, Canada},
series = {CHI '18}
}

@INPROCEEDINGS{chart-accent,
  author={Ren, Donghao and Brehmer, Matthew and Bongshin Lee and Höllerer, Tobias and Choe, Eun Kyoung},
  booktitle={2017 IEEE Pacific Visualization Symposium (PacificVis)}, 
  title={ChartAccent: Annotation for data-driven storytelling}, 
  year={2017},
  volume={},
  number={},
  pages={230-239},
  keywords={Tools;Visualization;Data visualization;Manuals;Bars;H.5.2 [Information Interfaces and Presentation (e.g., HCI)]: User Interfaces—Graphical user interfaces (GUI)},
  doi={10.1109/PACIFICVIS.2017.8031599}
}

 @Manual{pkg-gridtext,
    title = {gridtext: Improved Text Rendering Support for 'Grid' Graphics},
    author = {Claus O. Wilke and Brenton M. Wiernik},
    year = {2022},
    note = {R package version 0.1.5},
    url = {https://CRAN.R-project.org/package=gridtext},
  }

 @Manual{pkg-ggtext,
    title = {ggtext: Improved Text Rendering Support for 'ggplot2'},
    author = {Claus O. Wilke and Brenton M. Wiernik},
    year = {2022},
    note = {R package version 0.1.2},
    url = {https://CRAN.R-project.org/package=ggtext},
  }

 @Manual{pkg-marquee,
    title = {marquee: Markdown Parser and Renderer for R Graphics},
    author = {Thomas Lin Pedersen and Martin Mitáš},
    year = {2024},
    note = {R package version 0.1.0},
    url = {https://CRAN.R-project.org/package=marquee},
  }

@article{plotmath,
author = {Paul Murrell and Ross Ihaka},
title = {An Approach to Providing Mathematical Annotation in Plots},
journal = {Journal of Computational and Graphical Statistics},
volume = {9},
number = {3},
pages = {582--599},
year = {2000},
publisher = {ASA Website},
doi = {10.1080/10618600.2000.10474900},
URL = {https://www.tandfonline.com/doi/abs/10.1080/10618600.2000.10474900},
eprint = {https://www.tandfonline.com/doi/pdf/10.1080/10618600.2000.10474900}
}

 @Book{pkg-ggplot2,
    author = {Hadley Wickham},
    title = {ggplot2: Elegant Graphics for Data Analysis},
    publisher = {Springer-Verlag New York},
    year = {2016},
    isbn = {978-3-319-24277-4},
    url = {https://ggplot2.tidyverse.org},
  }

  @Manual{pkg-gggrid,
    title = {{gggrid}: Draw with 'grid' in 'ggplot2'},
    author = {Paul Murrell},
    year = {2022},
    note = {R package version 0.2-0},
    url = {https://CRAN.R-project.org/package=gggrid},
  }

@techreport{murrell-pedersen-urbanek-glyphs-2023,
  title="Rendering Typeset Glyphs in {R} Graphics",
  author = {Paul Murrell and Thomas Lin Pedersen and Simon Urbanek},
  year={2023},
  note={version 1},
  institution={Department of Statistics, The University of Auckland},
  number={2023-01},
  url={https://stattech.blogs.auckland.ac.nz/2023/05/06/2023-01-rendering-typeset-glyphs-in-r-graphics},
  doi={10.17608/k6.auckland.22774079}
}

@misc{schneider2023,
  author = {Schneider, W. Joel},
  title = {Annotated Equations in Ggplot2},
  date = {2023-07-24},
  url = {https://wjschne.github.io/posts/2023-07-23-latex-equation-in-ggplot2/},
  langid = {en}
}
